@misc{nplusn,
  title = {Snake game AI: Movement rating functions and evolutionary algorithm-based optimization},
  author = {Yeh, Jia-Fong and Su, Pei-Hsiu and Huang, Shi-Heng and Chiang, Tsung-Che},
  year = {2016},
  month = {11},
  doi = {10.13140/RG.2.2.33593.36969}}

@book{heaton,
  title={Introduction to neural networks with Java},
  author={Heaton, Jeff},
  year={2008},
  publisher={Heaton Research, Inc.}}

 @misc{craig,
 title = {The AI for Snake Game Chronicles},
 url={https://craighaber.github.io/AI-for-Snake-Game/website_files/index.html}, 
 author = {Haber, Craig}
 } 